@article { Depression,
    author = "Warren D. Taylor",
    title = "Depression in the Elderly",
    journal = "N Engl J Med",
    year = 2014,
    volume = 371,
    pages = "1228--36",
    doi = "10.1056/NEJMcp1402180",
}

@article { GAD,
    author = "Murray B. Stein and Jitender Sareen",
    title = "Generalized Anxiety Disorder",
    journal = "N Engl J Med",
    year = 2015,
    volume = 373,
    pages = "2059--68",
    doi = "10.1056/NEJMcp1502514",
}

@article { Insomnia,
    author = "John W. Winkelman",
    title = "Insomnia Disorder",
    journal = "N Engl J Med",
    year = 2015,
    volume = 373,
    pages = "1437--44",
    doi = "10.1056/NEJMcp1412740",
}
